@article{unknown,
    title = {{Quantum cryptography: Public key distribution and coin tossing}},
    year = {1984},
    journal = {Theoretical Computer Science - TCS},
    author = {H. Bennett, Charles and Brassard, Gilles},
    pages = {175--179},
    volume = {560}
}

@article{ShenoyHejamadi2017QuantumBeyond,
    title = {{Quantum Cryptography: Key Distribution and Beyond}},
    year = {2017},
    journal = {Quanta},
    author = {ShenoyHejamadi, A and Pathak, A and Radhakrishna, S and Kak, S and Qureshi, T and Georgiev, D},
    number = {1},
    pages = {1--47},
    volume = {6},
    url = {https://arxiv.org/pdf/1802.05517.pdf},
    doi = {10.12743/quanta.v6i1.57}
}

@inproceedings{ShorAlgorithmsFactoring,
    title = {{Algorithms for quantum computation: discrete logarithms and factoring}},
    booktitle = {Proceedings 35th Annual Symposium on Foundations of Computer Science},
    author = {Shor, P.W.},
    pages = {124--134},
    publisher = {IEEE Comput. Soc. Press},
    url = {http://ieeexplore.ieee.org/document/365700/},
    isbn = {0-8186-6580-7},
    doi = {10.1109/SFCS.1994.365700}
}

@article{Bennett2014QuantumTossing,
    title = {{Quantum cryptography: Public key distribution and coin tossing}},
    year = {2014},
    journal = {Theoretical Computer Science},
    author = {Bennett, Charles H and Brassard, Gilles},
    pages = {7--11},
    volume = {560},
    url = {www.elsevier.com/locate/tcs},
    doi = {10.1016/j.tcs.2014.05.025}
}

@article{Bennett1992ExperimentalCryptography,
    title = {{Experimental quantum cryptography}},
    year = {1992},
    journal = {Journal of Cryptology},
    author = {Bennett, CharlesH. and Bessette, Fran�ois and Brassard, Gilles and Salvail, Louis and Smolin, John},
    number = {1},
    pages = {3--28},
    volume = {5},
    publisher = {Springer-Verlag},
    url = {http://link.springer.com/10.1007/BF00191318},
    doi = {10.1007/BF00191318},
    issn = {0933-2790}
}

@article{Diamanti2016PracticalDistribution,
    title = {{Practical challenges in quantum key distribution}},
    year = {2016},
    journal = {npj Quantum Information},
    author = {Diamanti, Eleni and Lo, Hoi-Kwong and Qi, Bing and Yuan, Zhiliang},
    number = {1},
    month = {11},
    pages = {16025},
    volume = {2},
    publisher = {Nature Publishing Group},
    url = {http://www.nature.com/articles/npjqi201625},
    doi = {10.1038/npjqi.2016.25},
    issn = {2056-6387},
    keywords = {Fibre optics and optical communications, Quantum information}
}

@article{Singh2014QuantumReview,
    title = {{Quantum Key Distribution Protocols: A Review}},
    year = {2014},
    journal = {IOSR Journal of Computer Engineering Ver. XI},
    author = {Singh, Hitesh and Gupta, D L and Singh, A K},
    number = {2},
    pages = {1--9},
    volume = {16},
    url = {www.iosrjournals.org}
}

@article{Bedington2017ProgressDistribution,
    title = {{Progress in satellite quantum key distribution}},
    year = {2017},
    journal = {npj Quantum Information},
    author = {Bedington, Robert and Arrazola, Juan Miguel and Ling, Alexander},
    number = {1},
    month = {12},
    pages = {30},
    volume = {3},
    publisher = {Nature Publishing Group},
    url = {http://www.nature.com/articles/s41534-017-0031-5},
    doi = {10.1038/s41534-017-0031-5},
    issn = {2056-6387},
    keywords = {Classical and Quantum Gravitation, Physics, Quantum Computing, Quantum Field Theories, Quantum Information Technology, Quantum Physics, Relativity Theory, Spintronics, String Theory, general}
}

@book{Fox2006QuantumIntroduction,
    title = {{Quantum optics : an introduction}},
    year = {2006},
    author = {Fox, Mark (Anthony Mark)},
    pages = {378},
    publisher = {Oxford University Press},
    isbn = {9780198566731}
}

@article{Wootters1982ACloned,
    title = {{A single quantum cannot be cloned}},
    year = {1982},
    journal = {Nature},
    author = {Wootters, W. K. and Zurek, W. H.},
    number = {5886},
    month = {10},
    pages = {802--803},
    volume = {299},
    publisher = {Nature Publishing Group},
    url = {http://www.nature.com/articles/299802a0},
    doi = {10.1038/299802a0},
    issn = {0028-0836}
}

@book{Nielsen2010QuantumInformation,
    title = {{Quantum computation and quantum information}},
    year = {2010},
    author = {Nielsen, Michael A. and Chuang, Isaac L.},
    pages = {676},
    publisher = {Cambridge University Press},
    isbn = {1107002176}
}

@article{Senellart2017High-performanceSources,
    title = {{High-performance semiconductor quantum-dot single-photon sources}},
    year = {2017},
    journal = {Nature Nanotechnology},
    author = {Senellart, Pascale and Solomon, Glenn and White, Andrew},
    number = {11},
    month = {11},
    pages = {1026--1039},
    volume = {12},
    publisher = {Nature Publishing Group},
    url = {http://www.nature.com/doifinder/10.1038/nnano.2017.218},
    doi = {10.1038/nnano.2017.218},
    issn = {1748-3387}
}

@book{Saleh2007FundamentalsPhotonics,
    title = {{Fundamentals of photonics}},
    year = {2007},
    author = {Saleh, Bahaa E. A. and Teich, Malvin Carl},
    pages = {1177},
    publisher = {Wiley-Interscience},
    isbn = {0471358320}
}

@book{Iizuka2002ElementsMedia,
    title = {{Elements of Photonics, Volume I: In Free Space and Special Media}},
    year = {2002},
    author = {Iizuka, K.},
    pages = {664}
}

@book{Foot2005AtomicPhysics,
    title = {{Atomic physics}},
    year = {2005},
    author = {Foot, C. J.},
    pages = {331},
    publisher = {Oxford University Press},
    url = {https://global.oup.com/ukhe/product/atomic-physics-9780198506966?cc=gb&lang=en&},
    isbn = {9780198506966}
}

@article{Kitching2011AtomicReview,
    title = {{Atomic Sensors – A Review}},
    year = {2011},
    journal = {IEEE SENSORS JOURNAL},
    author = {Kitching, John and Knappe, Svenja and Donley, Elizabeth A},
    number = {9},
    volume = {11},
    url = {https://tf.nist.gov/general/pdf/2502.pdf},
    doi = {10.1109/JSEN.2011.2157679},
    keywords = {Index Terms—Atomic spectroscopy, inertial sensor, magnetometry}
}

@inproceedings{Kitching2008MicrofabricatedApplications,
    title = {{Microfabricated atomic magnetometers and applications}},
    year = {2008},
    booktitle = {2008 IEEE International Frequency Control Symposium},
    author = {Kitching, John and Knappe, Svenja and Shah, Vishal and Schwindt, Peter and Griffith, Clark and Jimenez, Ricardo and Preusser, Jan and Liew, L.-A. and Moreland, J.},
    month = {5},
    pages = {789--794},
    publisher = {IEEE},
    url = {http://ieeexplore.ieee.org/document/4623107/},
    isbn = {978-1-4244-1794-0},
    doi = {10.1109/FREQ.2008.4623107}
}

@article{Jani2007TimingCircuitry,
    title = {{Timing resolution (FWHM) of some photon counting detectors and electronic circuitry}},
    year = {2007},
    journal = {Meas. Sci. Technol},
    author = {Jani, P and V{\'{a}}mos, L and Nemes, T},
    pages = {155--160},
    volume = {18},
    url = {https://www.idquantique.com/wordpress/wp-content/uploads/id100-paper-Jani.pdf},
    doi = {10.1088/0957-0233/18/1/019},
    keywords = {APD, photon counting detectors, timing resolution}
}

@article{Steane2002AtomicMatter,
    title = {{Atomic Physics: High-precision quantum systems and interactions of light and matter}},
    year = {2002},
    author = {Steane, Andrew},
    url = {https://users.physics.ox.ac.uk/~Steane/teaching/al.pdf}
}

@phdthesis{Seltzer2008AtomicMagnetometery,
    title = {{Atomic Magnetometery}},
    year = {2008},
    author = {Seltzer, S},
    pages = {9--154},
    school = {Princeton University}
}

@book{LandiDeglInnocenti2014AtomicProcesses,
    title = {{Atomic Spectroscopy and Radiative Processes}},
    year = {2014},
    author = {Landi Degl'Innocenti, Egidio},
    series = {UNITEXT for Physics},
    publisher = {Springer Milan},
    url = {http://link.springer.com/10.1007/978-88-470-2808-1},
    address = {Milano},
    isbn = {978-88-470-2807-4},
    doi = {10.1007/978-88-470-2808-1}
}

@article{Groeger2006AMagnetometer,
    title = {{A high-sensitivity laser-pumped Mx magnetometer}},
    year = {2006},
    journal = {Eur. Phys. J. D},
    author = {Groeger, S. and Bison, G. and Schenker, J.-L. and Wynands, R. and Weis, A.},
    number = {2},
    month = {5},
    pages = {239--247},
    volume = {38},
    publisher = {EDP Sciences},
    url = {http://www.springerlink.com/index/10.1140/epjd/e2006-00037-y},
    doi = {10.1140/epjd/e2006-00037-y}
}

@article{Birzhandi2013EffectPhenomenon,
    title = {{Effect of light Polarization on the absorption index of alkali metal vapor in optical pumping phenomenon}},
    year = {2013},
    journal = {International Journal of Optics and Photonics},
    author = {Birzhandi, Samaneh and Ranjbaran, Malihe and Khalkhali, Seyed Mohammad Hosein and Hamidi, Seyedeh Mehri and Tehranchi, Mohammad Mehdi},
    number = {2},
    pages = {71--76},
    volume = {7},
    publisher = {International Journal of Optics and Photonics},
    url = {http://ijop.ir/browse.php?a_code=A-10-175-3&sid=1&slc_lang=en}
}

@book{Yariv2006PhotonicsCommunications,
    title = {{Photonics : optical electronics in modern communications}},
    year = {2006},
    author = {Yariv, Amnon and Yeh, Pochi},
    edition = {6},
    pages = {836},
    publisher = {Oxford University Press},
    address = {New York},
    isbn = {0195179463}
}

@article{Siddons2008AbsoluteExperiment,
    title = {{Absolute absorption on rubidium D lines: comparison between theory and experiment}},
    year = {2008},
    journal = {Journal of Physics B: Atomic, Molecular and Optical Physics},
    author = {Siddons, Paul and Adams, Charles S and Ge, Chang and Hughes, Ifan G},
    number = {15},
    month = {8},
    pages = {155004},
    volume = {41},
    publisher = {IOP Publishing},
    url = {http://stacks.iop.org/0953-4075/41/i=15/a=155004?key=crossref.00c7138be904263053df130d39a795f7},
    doi = {10.1088/0953-4075/41/15/155004},
    issn = {0953-4075}
}

@article{Steck2010CesiumData,
    title = {{Cesium D Line Data}},
    year = {2010},
    author = {Steck, Daniel Adam and Steck, Daniel},
    url = {http://steck.us/alkalidata/cesiumnumbers.pdf},
    keywords = {atom optics, atomic physics, optics, physics, quantum mechanics, quantum optics}
}

@phdthesis{Bison2004DevelopmentCardio-magnetometer,
    title = {{Development of an optical cardio-magnetometer}},
    year = {2004},
    author = {Bison, G.},
    pages = {32},
    school = {University of Fribourg}
}

@article{Imanishi2005FrequencyCell,
    title = {{Frequency Stabilization of Diode Laser Using Dichroic-Atomic-Vapor Laser Lock Signals and Thin Rb Vapor Cell}},
    year = {2005},
    journal = {Japanese Journal of Applied Physics},
    author = {Imanishi, Sayaka and Tanaka, Utako and Urabe, Shinji},
    number = {9A},
    month = {9},
    pages = {6767--6771},
    volume = {44},
    publisher = {IOP Publishing},
    url = {http://stacks.iop.org/1347-4065/44/6767},
    doi = {10.1143/JJAP.44.6767},
    issn = {0021-4922}
}

@article{XiaMagnetoencephalographyMagnetometer,
    title = {{Magnetoencephalography with an atomic magnetometer}},
    author = {Xia, H and Ben-Amar Baranga, A and Hoffman, D and Romalis, M V},
    url = {http://physics.princeton.edu/romalis/papers/Xia et al - Magnetoencephalography with an atomic magnetometer.pdf},
    doi = {10.1063/1.2392722͔}
}

@article{Kominis2003AMagnetometer,
    title = {{A subfemtotesla multichannel atomic magnetometer}},
    year = {2003},
    journal = {Nature},
    author = {Kominis, I. K. and Kornack, T. W. and Allred, J. C. and Romalis, M. V.},
    number = {6932},
    month = {4},
    pages = {596--599},
    volume = {422},
    publisher = {Nature Publishing Group},
    url = {http://www.nature.com/articles/nature01484},
    doi = {10.1038/nature01484},
    issn = {0028-0836}
}

@article{Schwindt2007Chip-scaleTechnique,
    title = {{Chip-scale atomic magnetometer with improved sensitivity by use of the Mx technique}},
    year = {2007},
    journal = {Applied Physics Letters},
    author = {Schwindt, Peter D. D. and Lindseth, Brad and Knappe, Svenja and Shah, Vishal and Kitching, John and Liew, Li-Anne},
    number = {8},
    month = {2},
    pages = {081102},
    volume = {90},
    publisher = {American Institute of Physics},
    url = {http://aip.scitation.org/doi/10.1063/1.2709532},
    doi = {10.1063/1.2709532},
    issn = {0003-6951},
    keywords = {magnetometers, optical pumping}
}

@article{Sander2012MagnetoencephalographyMagnetometer.,
    title = {{Magnetoencephalography with a chip-scale atomic magnetometer.}},
    year = {2012},
    journal = {Biomed. Opt. Express},
    author = {Sander, T H and Preusser, J and Mhaskar, R and Kitching, J and Trahms, L and Knappe, S},
    number = {5},
    month = {5},
    pages = {981--90},
    volume = {3},
    publisher = {Optical Society of America},
    url = {http://www.ncbi.nlm.nih.gov/pubmed/22567591 http://www.pubmedcentral.nih.gov/articlerender.fcgi?artid=PMC3342203},
    doi = {10.1364/BOE.3.000981},
    issn = {2156-7085},
    pmid = {22567591},
    keywords = {(120.0120) Instrumentation, (170.0170) Medical optics and biotechnology, (230.0230) Optical devices, and metrology, measurement}
}

@article{Budker2007OpticalMagnetometry,
    title = {{Optical magnetometry}},
    year = {2007},
    journal = {Nature Physics},
    author = {Budker, Dmitry and Romalis, Michael},
    number = {4},
    month = {4},
    pages = {227--234},
    volume = {3},
    publisher = {Nature Publishing Group},
    url = {http://www.nature.com/articles/nphys566},
    doi = {10.1038/nphys566},
    issn = {1745-2473}
}

@article{Happer1977EffectVapors,
    title = {{Effect of rapid spin exchange on the magnetic-resonance spectrum of alkali vapors}},
    year = {1977},
    journal = {Physical Review A},
    author = {Happer, W. and Tam, A. C.},
    number = {5},
    month = {11},
    pages = {1877--1891},
    volume = {16},
    publisher = {American Physical Society},
    url = {https://link.aps.org/doi/10.1103/PhysRevA.16.1877},
    doi = {10.1103/PhysRevA.16.1877},
    issn = {0556-2791}
}

@article{Allred2002High-SensitivityRelaxation,
    title = {{High-Sensitivity Atomic Magnetometer Unaffected by Spin-Exchange Relaxation}},
    year = {2002},
    journal = {Phys. Rev. Lett.},
    author = {Allred, J. C. and Lyman, R. N. and Kornack, T. W. and Romalis, M. V.},
    number = {13},
    pages = {1--4},
    volume = {89},
    url = {http://physics.princeton.edu/atomic/romalis/papers/Allred_2002.pdf},
    doi = {10.1103/PhysRevLett.89.130801}
}

@article{Schwindt2004Chip-scaleMagnetometer,
    title = {{Chip-scale atomic magnetometer}},
    year = {2004},
    journal = {Applied Physics Letters},
    author = {Schwindt, Peter D D and Knappe, Svenja and Shah, Vishal and Hollberg, Leo and Kitching, John and Liew, Li-Anne and Moreland, John},
    number = {26},
    pages = {6409--6411},
    volume = {85},
    url = {https://tf.nist.gov/general/pdf/2001.pdf},
    doi = {10.1063/1.1839274}
}

@article{Johnson2010MagnetoencephalographyMagnetometer,
    title = {{Magnetoencephalography with a two-color pump-probe, fiber-coupled atomic magnetometer}},
    year = {2010},
    journal = {Appl. Phys. Lett},
    author = {Johnson, Cort and Schwindt, Peter D D and Weisend, Michael},
    number = {243703},
    pages = {1--3},
    volume = {97},
    url = {https://doi.org/10.1063/1.3522648 http://aip.scitation.org/toc/apl/97/24},
    doi = {10.1063/1.3522648}
}

@article{Shah2013AApplications,
    title = {{A compact, high performance atomic magnetometer for biomedical applications}},
    year = {2013},
    journal = {Phys. Med. Biol.},
    author = {Shah, Vishal K and Waki, Ronald},
    number = {8153},
    pages = {8154--8161},
    volume = {58},
    url = {http://iopscience.iop.org/article/10.1088/0031-9155/58/22/8153/pdf}
}

@article{Boto2017AMagnetometers,
    title = {{A new generation of magnetoencephalography: Room temperature measurements using optically-pumped magnetometers}},
    year = {2017},
    journal = {NeuroImage},
    author = {Boto, Elena and Meyer, Sofie S. and Shah, Vishal and Alem, Orang and Knappe, Svenja and Kruger, Peter and Fromhold, T. Mark and Lim, Mark and Glover, Paul M. and Morris, Peter G. and Bowtell, Richard and Barnes, Gareth R. and Brookes, Matthew J.},
    month = {4},
    pages = {404--414},
    volume = {149},
    publisher = {Academic Press},
    url = {https://www.sciencedirect.com/science/article/pii/S1053811917300411},
    doi = {10.1016/J.NEUROIMAGE.2017.01.034},
    issn = {1053-8119}
}

@article{Griffiths2001MagneticTomography,
    title = {{Magnetic induction tomography}},
    year = {2001},
    journal = {Meas. Sci. Technol},
    author = {Griffiths, H},
    pages = {1126--1131},
    volume = {12},
    url = {http://iopscience.iop.org/article/10.1088/0957-0233/12/8/319/pdf},
    keywords = {electromagnetic tomography, magnetic induction tomography}
}

@article{Deans2016ElectromagneticMagnetometer,
    title = {{Electromagnetic induction imaging with a radio-frequency atomic magnetometer}},
    year = {2016},
    journal = {Applied Physics Letters},
    author = {Deans, Cameron and Marmugi, Luca and Hussain, Sarah and Renzoni, Ferruccio},
    number = {10},
    month = {3},
    pages = {103503},
    volume = {108},
    publisher = {AIP Publishing LLC},
    url = {http://aip.scitation.org/doi/10.1063/1.4943659},
    doi = {10.1063/1.4943659},
    issn = {0003-6951},
    keywords = {conducting materials, crack detection, electromagnetic induction, image sensors, inductance measurement, magnetic variables measurement, magnetometers, optical pumping, optical sensors}
}

@inproceedings{Deans2016OpticalHeart,
    title = {{Optical atomic magnetometry for magnetic induction tomography of the heart}},
    year = {2016},
    booktitle = {Proc. SPIE 9900, Quantum Optics},
    author = {Deans, Cameron and Marmugi, Luca and Hussain, Sarah and Renzoni, Ferruccio},
    editor = {Stuhler, Jürgen and Shields, Andrew J.},
    month = {4},
    pages = {99000F},
    volume = {9900},
    publisher = {International Society for Optics and Photonics},
    url = {http://proceedings.spiedigitallibrary.org/proceeding.aspx?doi=10.1117/12.2227538},
    doi = {10.1117/12.2227538},
    keywords = {Atrial fibrillation, Conductivity maps, Imaging systems, Magnetic induction tomography, Medical imaging, Optical atomic magnetometers, Quantum sensors}
}

@article{Marmugi2016OpticalHeart,
    title = {{Optical Magnetic Induction Tomography of the Heart}},
    year = {2016},
    journal = {Nature Scientific Reports},
    author = {Marmugi, Luca and Renzoni, Ferruccio},
    number = {23962},
    pages = {2--7},
    volume = {6},
    url = {https://www.nature.com/articles/srep23962.pdf},
    doi = {10.1038/srep23962}
}

@article{Khedr2017AApplications,
    title = {{A Smartphone Step Counter Using IMU and Magnetometer for Navigation and Health Monitoring Applications}},
    year = {2017},
    journal = {Sensors},
    author = {Khedr, Maan and El-Sheimy, Nasser},
    number = {2573},
    volume = {17}
}

@article{Knappe2014Optically-PumpedMEG,
    title = {{Optically-Pumped Magnetometers for MEG}},
    year = {2014},
    author = {Knappe, Svenja A. and Sander, Tillman H. and Trahms, Lutz},
    url = {https://www.nist.gov/publications/optically-pumped-magnetometers-meg},
    keywords = {alkali metal vapor cell, electron spin resonance, magnetocardiography, magnetoencephalography, micro electro mechanical system, multichannel, optically pumped magnetometer, superconducting quantum interference device}
}

@article{Lee1994ZeemanLine,
    title = {{Zeeman effect in the saturation spectroscopy of the {\^{}}87Rb D{\_}2 line}},
    year = {1994},
    journal = {Journal of the Optical Society of America B},
    author = {Lee, Ho Seong and Park, Sang Eon and Park, Jong Dae and Cho, Hyuck},
    number = {4},
    month = {4},
    pages = {558},
    volume = {11},
    publisher = {Optical Society of America},
    url = {https://www.osapublishing.org/abstract.cfm?URI=josab-11-4-558},
    doi = {10.1364/JOSAB.11.000558},
    issn = {0740-3224}
}

@article{Li2017EllipticalVapor,
    title = {{Elliptical polarization of near-resonant linearly polarized probe light in optically pumped alkali metal vapor}},
    year = {2017},
    journal = {Scientific Reports},
    author = {Li, Yingying and Wang, Zhiguo and Jin, Shilong and Yuan, Jie and Luo, Hui},
    month = {2},
    pages = {43066},
    volume = {7},
    publisher = {Nature Publishing Group},
    url = {http://www.nature.com/articles/srep43066},
    doi = {10.1038/srep43066},
    issn = {2045-2322},
    keywords = {Atomic and molecular interactions with photons, Experimental nuclear physics}
}

@misc{Warburton2013SingleDots,
    title = {{Single spins in self-assembled quantum dots}},
    year = {2013},
    booktitle = {Nature Materials},
    author = {Warburton, Richard J},
    number = {6},
    pages = {483--493},
    volume = {12},
    url = {https://www.nature.com/articles/nmat3585.pdf},
    isbn = {978-1-4244-2227-2},
    doi = {10.1038/nmat3585},
    issn = {14764660},
    pmid = {23695745}
}

@article{Divincenzo2000TheComputation,
    title = {{The Physical Implementation of Quantum Computation}},
    year = {2000},
    journal = {Fortschr. Phys.},
    author = {Divincenzo, David P},
    number = {11},
    pages = {771--783},
    volume = {9},
    url = {http://hexagon.physics.wisc.edu/teaching/2018s ph406 quantum information technology/papers/divincenzo criteria FDP 2000.pdf}
}

@article{Arns1998TheTransistor,
    title = {{The other transistor: early history of the metal-oxide semiconductor field-effect transistor}},
    year = {1998},
    journal = {Engineering Science {\&} Education Journal},
    author = {Arns, R.G.},
    number = {5},
    month = {10},
    pages = {233--240},
    volume = {7},
    url = {http://digital-library.theiet.org/content/journals/10.1049/esej_19980509},
    doi = {10.1049/esej:19980509},
    issn = {0963-7346}
}

@article{Turing1937OnEntscheidungsproblem,
    title = {{On Computable Numbers, with an Application to the Entscheidungsproblem}},
    year = {1937},
    journal = {Proceedings of the London Mathematical Society},
    author = {Turing, A. M.},
    number = {1},
    month = {1},
    pages = {230--265},
    volume = {s2-42},
    publisher = {Oxford University Press},
    url = {http://doi.wiley.com/10.1112/plms/s2-42.1.230},
    doi = {10.1112/plms/s2-42.1.230},
    issn = {00246115}
}

@article{GordonE.Moore1975ProgressElectronics,
    title = {{Progress In Digital Integrated Electronics}},
    year = {1975},
    journal = {IEDM Tech. Digest},
    author = {{Gordon E. Moore}},
    pages = {11--13},
    url = {http://www.eng.auburn.edu/~agrawvd/COURSE/E7770_Spr07/READ/Gordon_Moore_1975_Speech.pdf},
    isbn = {VO - 21},
    doi = {10.1109/N-SSC.2006.4804410},
    issn = {1098-4232}
}

@article{Moore1965CramingCircuits,
    title = {{Craming more components onto integrated circuits}},
    year = {1965},
    journal = {Electronics},
    author = {Moore, Gordan. E.},
    number = {8},
    pages = {114--117},
    volume = {38},
    url = {https://drive.google.com/file/d/0By83v5TWkGjvQkpBcXJKT1I1TTA/view},
    doi = {10.1109/jproc.1998.658762},
    issn = {0018-9219}
}

@article{Waldrop2016TheLaw,
    title = {{The chips are down for Moore’s law}},
    year = {2016},
    journal = {Nature},
    author = {Waldrop, M. Mitchell},
    number = {7589},
    pages = {144--147},
    volume = {530},
    url = {https://www.nature.com/polopoly_fs/1.19338!/menu/main/topColumns/topLeftColumn/pdf/530144a.pdf http://www.nature.com/doifinder/10.1038/530144a},
    isbn = {9780387755922},
    doi = {10.1038/530144a},
    issn = {0028-0836},
    pmid = {26863965},
    arxivId = {Nature, 2016, 530(7589): 144.}
}

@article{Gambetta2017BuildingSystem,
    title = {{Building logical qubits in a superconducting quantum computing system}},
    year = {2017},
    journal = {npj Quantum Information},
    author = {Gambetta, Jay M and Chow, Jerry M and Steffen, Matthias},
    number = {2},
    volume = {3},
    url = {https://www.nature.com/articles/s41534-016-0004-0.pdf},
    doi = {10.1038/s41534-016-0004-0}
}

@article{Brown2016Co-designingIons,
    title = {{Co-designing a scalable quantum computer with trapped atomic ions}},
    year = {2016},
    journal = {npj Quantum Information},
    author = {Brown, Kenneth R and Kim, Jungsang and Monroe, Christopher},
    number = {1},
    month = {11},
    pages = {16034},
    volume = {2},
    publisher = {Nature Publishing Group},
    url = {http://www.nature.com/articles/npjqi201634},
    doi = {10.1038/npjqi.2016.34},
    issn = {2056-6387},
    keywords = {Information technology, Quantum information}
}

@article{Saffman2016QuantumChallenges,
    title = {{Quantum computing with atomic qubits and Rydberg interactions: progress and challenges}},
    year = {2016},
    journal = {Journal of Physics B: Atomic, Molecular and Optical Physics},
    author = {Saffman, M},
    number = {20},
    month = {10},
    pages = {202001},
    volume = {49},
    publisher = {IOP Publishing},
    url = {http://stacks.iop.org/0953-4075/49/i=20/a=202001?key=crossref.f66303f984918078a7599fc63891c873},
    doi = {10.1088/0953-4075/49/20/202001},
    issn = {0953-4075}
}

@inproceedings{Milburn2009PhotonsQubits,
    title = {{Photons as qubits}},
    year = {2009},
    booktitle = {Physica Scripta T},
    author = {Milburn, G J},
    pages = {137--14003},
    volume = {T137},
    url = {http://iopscience.iop.org/article/10.1088/0031-8949/2009/T137/014003/pdf},
    doi = {10.1088/0031-8949/2009/T137/014003},
    issn = {02811847}
}

@article{Imamoglu2003AreComputation,
    title = {{Are quantum dots useful for quantum computation?}},
    year = {2003},
    journal = {Physica E: Low-dimensional Systems and Nanostructures},
    author = {Imamoglu, A},
    number = {1},
    month = {1},
    pages = {47--50},
    volume = {16},
    publisher = {North-Holland},
    url = {https://www.sciencedirect.com/science/article/pii/S1386947702005817},
    doi = {10.1016/S1386-9477(02)00581-7},
    issn = {1386-9477}
}

@article{Schroer2008TimeOut,
    title = {{Time to get the nukes out}},
    year = {2008},
    journal = {Nature Physics},
    author = {Schroer, Michael D. and Petta, Jason R.},
    number = {7},
    month = {7},
    pages = {516--518},
    volume = {4},
    publisher = {Nature Publishing Group},
    url = {http://www.nature.com/articles/nphys1007},
    doi = {10.1038/nphys1007},
    issn = {1745-2473}
}

@book{Ihn2009SemiconductorNanostructures,
    title = {{Semiconductor Nanostructures}},
    year = {2009},
    author = {Ihn, Thomas},
    month = {11},
    publisher = {Oxford University Press},
    url = {http://www.oxfordscholarship.com/view/10.1093/acprof:oso/9780199534425.001.0001/acprof-9780199534425},
    isbn = {9780199534425},
    doi = {10.1093/acprof:oso/9780199534425.001.0001}
}

@incollection{Kouwenhoven1997IntroductionTransport,
    title = {{Introduction to Mesoscopic Electron Transport}},
    year = {1997},
    booktitle = {Mesoscopic Electron Transport},
    author = {Kouwenhoven, Leo P. and Sch{\"{o}}n, Gerd and Sohn, Lydia L.},
    pages = {1--44},
    publisher = {Springer Netherlands},
    url = {http://link.springer.com/10.1007/978-94-015-8839-3_1},
    address = {Dordrecht},
    doi = {10.1007/978-94-015-8839-3{\_}1}
}

@article{BoscoQuantumEffect,
    title = {{Quantum Wells, Quantum Wires, Quantum Dots, Quantum Limit of Conductance, Quantum Capacitance {\&}amp; Quantum HALL Effect}},
    author = {Bosco, R John and Professor, Balaguru and Jeyaprakash, B G},
    url = {http://nptel.ac.in/courses/115106076/Module%207/Module%207.pdf}
}

@article{Hanson2007SpinsDots,
    title = {{Spins in few-electron quantum dots}},
    year = {2007},
    journal = {Reviews of Modern Physics},
    author = {Hanson, R. and Kouwenhoven, L. P. and Petta, J. R. and Tarucha, S. and Vandersypen, L. M.K.},
    number = {4},
    month = {10},
    pages = {1217--1265},
    volume = {79},
    publisher = {American Physical Society},
    url = {https://link.aps.org/doi/10.1103/RevModPhys.79.1217},
    isbn = {0034-6861},
    doi = {10.1103/RevModPhys.79.1217},
    issn = {00346861},
    pmid = {1915043},
    arxivId = {cond-mat/0610433}
}

@article{vanderWiel2002ElectronDots,
    title = {{Electron transport through double quantum dots}},
    year = {2002},
    journal = {Reviews of Modern Physics},
    author = {van der Wiel, W. G. and De Franceschi, S. and Elzerman, J. M. and Fujisawa, T. and Tarucha, S. and Kouwenhoven, L. P.},
    number = {1},
    month = {12},
    pages = {1--22},
    volume = {75},
    publisher = {American Physical Society},
    url = {https://link.aps.org/doi/10.1103/RevModPhys.75.1},
    doi = {10.1103/RevModPhys.75.1},
    issn = {0034-6861}
}

@article{VanWees1988QuantizedGas,
    title = {{Quantized Conductance of Point Contacts in a Two-Dimensional Electron Gas}},
    year = {1988},
    journal = {Phys. Rev. Lett.},
    author = {Van Wees, B J and Van Houten, H and Beenakker, J and Wilhamson, J G and Kouwenhoven, L P and Van Der Marel, D and Foxon, C T},
    number = {9},
    pages = {848--850},
    volume = {60},
    url = {https://openaccess.leidenuniv.nl/bitstream/handle/1887/3316/172_020.pdf?sequence=1}
}

@article{Hayashi2003CoherentDot,
    title = {{Coherent Manipulation of Electronic States in a Double Quantum Dot}},
    year = {2003},
    journal = {Physical Review Letters},
    author = {Hayashi, T. and Fujisawa, T. and Cheong, H. D. and Jeong, Y. H. and Hirayama, Y.},
    number = {22},
    month = {11},
    pages = {226804},
    volume = {91},
    publisher = {American Physical Society},
    url = {https://link.aps.org/doi/10.1103/PhysRevLett.91.226804},
    doi = {10.1103/PhysRevLett.91.226804},
    issn = {0031-9007}
}

@article{OosterKamp1998MicrowaveMolecule,
    title = {{Microwave spectroscopy of a quantum-dot molecule}},
    year = {1998},
    journal = {Nature},
    author = {OosterKamp, T H and Fujisawa, T and van Der Wiel, W G and Ishibashi, K and Hijman, R V and Tarucha, S and Kouwenhoven, L P},
    number = {1},
    pages = {873--876},
    volume = {395},
    url = {https://www.nature.com/articles/27617.pdf}
}

@article{Petta2004ManipulationDot,
    title = {{Manipulation of a Single Charge in a Double Quantum Dot}},
    year = {2004},
    journal = {Physical Review Letters},
    author = {Petta, J. R. and Johnson, A. C. and Marcus, C. M. and Hanson, M. P. and Gossard, A. C.},
    number = {18},
    month = {10},
    pages = {186802},
    volume = {93},
    publisher = {American Physical Society},
    url = {https://link.aps.org/doi/10.1103/PhysRevLett.93.186802},
    doi = {10.1103/PhysRevLett.93.186802},
    issn = {0031-9007}
}

@article{Petersson2010QuantumQubit,
    title = {{Quantum Coherence in a One-Electron Semiconductor Charge Qubit}},
    year = {2010},
    journal = {Physical Review Letters},
    author = {Petersson, K. D. and Petta, J. R. and Lu, H. and Gossard, A. C.},
    number = {24},
    month = {12},
    pages = {246804},
    volume = {105},
    publisher = {American Physical Society},
    url = {https://link.aps.org/doi/10.1103/PhysRevLett.105.246804},
    doi = {10.1103/PhysRevLett.105.246804},
    issn = {0031-9007}
}

@article{Koh2013High-fidelityQubits.,
    title = {{High-fidelity gates in quantum dot spin qubits.}},
    year = {2013},
    journal = {Proceedings of the National Academy of Sciences of the United States of America},
    author = {Koh, Teck Seng and Coppersmith, S N and Friesen, Mark},
    number = {49},
    month = {12},
    pages = {19695--700},
    volume = {110},
    publisher = {National Academy of Sciences},
    url = {http://www.ncbi.nlm.nih.gov/pubmed/24255105 http://www.pubmedcentral.nih.gov/articlerender.fcgi?artid=PMC3856813},
    doi = {10.1073/pnas.1319875110},
    issn = {1091-6490},
    pmid = {24255105},
    keywords = {Heisenberg exchange, decoherence, quantum computing}
}

@article{Han2001Time-ResolvedJunction,
    title = {{Time-Resolved Measurement of Dissipation-Induced Decoherence in a Josephson Junction}},
    year = {2001},
    journal = {Science},
    author = {Han, S. and Yu, Y and Chu, X and Chu, S I and Wang, Z and Urbina, C. and Esteve, D. and Devoret, M. H.},
    number = {5534},
    month = {8},
    pages = {1457--1459},
    volume = {293},
    publisher = {American Association for the Advancement of Science},
    url = {http://www.ncbi.nlm.nih.gov/pubmed/11520978 http://www.sciencemag.org/cgi/doi/10.1126/science.1062266},
    doi = {10.1126/science.1062266},
    issn = {00368075},
    pmid = {11520978}
}

@article{Kim2015Microwave-drivenQubit,
    title = {{Microwave-driven coherent operation of a semiconductor quantum dot charge qubit}},
    year = {2015},
    journal = {Nature Nanotechnology},
    author = {Kim, Dohun and Ward, D. R. and Simmons, C. B. and Gamble, John King and Blume-Kohout, Robin and Nielsen, Erik and Savage, D. E. and Lagally, M. G. and Friesen, Mark and Coppersmith, S. N. and Eriksson, M. A.},
    number = {3},
    month = {3},
    pages = {243--247},
    volume = {10},
    url = {http://www.ncbi.nlm.nih.gov/pubmed/25686478 http://www.nature.com/articles/nnano.2014.336},
    doi = {10.1038/nnano.2014.336},
    issn = {1748-3387},
    pmid = {25686478}
}

@article{Elzerman2004Single-shotDot,
    title = {{Single-shot read-out of an individual electron spin in a quantum dot}},
    year = {2004},
    journal = {Nature},
    author = {Elzerman, J. M. and Hanson, R. and Willems van Beveren, L. H. and Witkamp, B. and Vandersypen, L. M. K. and Kouwenhoven, L. P.},
    number = {6998},
    month = {7},
    pages = {431--435},
    volume = {430},
    publisher = {Nature Publishing Group},
    url = {http://www.nature.com/doifinder/10.1038/nature02693},
    doi = {10.1038/nature02693},
    issn = {0028-0836}
}

@article{Viennot2016TowardsDots,
    title = {{Towards hybrid circuit quantum electrodynamics with quantum dots}},
    year = {2016},
    journal = {Comptes Rendus Physique},
    author = {Viennot, Jérémie J. and Delbecq, Matthieu R. and Bruhat, Laure E. and Dartiailh, Matthieu C. and Desjardins, Matthieu M. and Baillergeau, Matthieu and Cottet, Audrey and Kontos, Takis},
    number = {7},
    pages = {705--717},
    volume = {17},
    url = {https://ac.els-cdn.com/S1631070516300597/1-s2.0-S1631070516300597-main.pdf?_tid=8506cbb5-359c-4f0d-9642-10a7cf43d621&acdnat=1521903204_cbf341c615b546788f331ef74f55fee8 http://linkinghub.elsevier.com/retrieve/pii/S1631070516300597},
    doi = {10.1016/j.crhy.2016.07.008},
    issn = {16310705},
    arxivId = {1610.02332}
}

@article{Wesslen2017ConfinementRelaxation,
    title = {{Confinement sensitivity in quantum dot singlet-triplet relaxation}},
    year = {2017},
    journal = {Journal of Physics Condensed Matter},
    author = {Wessl{\'{e}}n, C.J. and Lindroth, E.},
    number = {45},
    volume = {29},
    url = {http://iopscience.iop.org/article/10.1088/1361-648X/aa8b34/pdf},
    doi = {10.1088/1361-648X/aa8b34},
    issn = {1361648X},
    keywords = {Dresselhaus coupling, phonons, spin relaxation, spin-orbit}
}

@article{Hao2014ElectronDot,
    title = {{Electron spin resonance and spin–valley physics in a silicon double quantum dot}},
    year = {2014},
    journal = {Nature Communications},
    author = {Hao, Xiaojie and Ruskov, Rusko and Xiao, Ming and Tahan, Charles and Jiang, Hongwen},
    volume = {5},
    url = {https://www.nature.com/articles/ncomms4860.pdf},
    doi = {10.1038/ncomms4860}
}

@article{Petta2005CoherentDots,
    title = {{Coherent Manipulation of Coupled Electron Spins in Semiconductor Quantum Dots}},
    year = {2005},
    journal = {Science},
    author = {Petta, J. R. and Johnson, A C and Taylor, J M and Laird, E A and Yacoby, A and Lukin, M D and Marcus, C M and Hanson, M P and Gossard, A C},
    number = {5744},
    month = {9},
    pages = {2180--2184},
    volume = {309},
    url = {http://www.ncbi.nlm.nih.gov/pubmed/16141370 http://www.sciencemag.org/cgi/doi/10.1126/science.1116955},
    doi = {10.1126/science.1116955},
    issn = {0036-8075},
    pmid = {16141370}
}

@article{Chekhovich2013HyperfinePolarization,
    title = {{Hyperfine interaction and detection of nuclear polarization}},
    year = {2013},
    journal = {Nature Publishing Group},
    author = {Chekhovich, E A and Makhonin, M N and Tartakovskii, A I and Yacoby, A and Bluhm, H and Nowack, K C and K Vandersypen, L M},
    volume = {12},
    url = {https://www.nature.com/articles/nmat3652.pdf},
    doi = {10.1038/NMAT3652}
}

@article{Khaetskii2002ElectronNuclei,
    title = {{Electron Spin Decoherence in Quantum Dots due to Interaction with Nuclei}},
    year = {2002},
    journal = {Physical Review Letters},
    author = {Khaetskii, Alexander V. and Loss, Daniel and Glazman, Leonid},
    number = {18},
    month = {4},
    pages = {186802},
    volume = {88},
    publisher = {American Physical Society},
    url = {https://link.aps.org/doi/10.1103/PhysRevLett.88.186802},
    doi = {10.1103/PhysRevLett.88.186802},
    issn = {0031-9007}
}

@article{Koppens2006DrivenDot,
    title = {{Driven coherent oscillations of a single electron spin in a quantum dot}},
    year = {2006},
    journal = {Nature},
    author = {Koppens, F. H. L. and Buizert, C. and Tielrooij, K. J. and Vink, I. T. and Nowack, K. C. and Meunier, T. and Kouwenhoven, L. P. and Vandersypen, L. M. K.},
    number = {7104},
    month = {8},
    pages = {766--771},
    volume = {442},
    publisher = {Nature Publishing Group},
    url = {http://www.nature.com/doifinder/10.1038/nature05065},
    doi = {10.1038/nature05065},
    issn = {0028-0836}
}

@article{Loubser1978ElectronDiamond,
    title = {{Electron spin resonance in the study of diamond}},
    year = {1978},
    journal = {Reports on Progress in Physics},
    author = {Loubser, J H N and Wyk, J A van},
    number = {8},
    month = {8},
    pages = {1201--1248},
    volume = {41},
    publisher = {IOP Publishing},
    url = {http://stacks.iop.org/0034-4885/41/i=8/a=002?key=crossref.0f489aea19bb6846791aa7b1c377022c},
    doi = {10.1088/0034-4885/41/8/002},
    issn = {0034-4885}
}

@article{Bluhm2011DephasingS,
    title = {{Dephasing time of GaAs electron-spin qubits coupled to a nuclear bath exceeding 200 mu s}},
    year = {2011},
    journal = {Nature Physics},
    author = {Bluhm, Hendrik and Foletti, Sandra and Neder, Izhar and Rudner, Mark and Mahalu, Diana and Umansky, Vladimir and Yacoby, Amir},
    volume = {7},
    url = {https://www.nature.com/articles/nphys1856.pdf},
    doi = {10.1038/NPHYS1856}
}

@inproceedings{Urdampilleta2017TowardsDetector,
    title = {{Towards quantum computing in Si MOS technology: Single-shot readout of spin states in a FDSOI split-gate device with built-in charge detector}},
    year = {2017},
    booktitle = {2017 Symposium on VLSI Technology},
    author = {Urdampilleta, M. and Hutin, L. and Jadot, B. and Bertrand, B. and Bohuslavskyi, H. and Maurand, R. and Barraud, S. and Bauerle, C. and Sanquer, M. and Jehl, X. and De Franceschi, S. and Meunier, T. and Vinet, M.},
    month = {6},
    pages = {T172-T173},
    publisher = {IEEE},
    url = {http://ieeexplore.ieee.org/document/7998163/},
    isbn = {978-4-86348-605-8},
    doi = {10.23919/VLSIT.2017.7998163}
}

@article{Barthel2009RapidQubit,
    title = {{Rapid Single-Shot Measurement of a Singlet-Triplet Qubit}},
    year = {2009},
    journal = {Physical Review Letters},
    author = {Barthel, C. and Reilly, D. J. and Marcus, C. M. and Hanson, M. P. and Gossard, A. C.},
    number = {16},
    month = {10},
    pages = {160503},
    volume = {103},
    publisher = {American Physical Society},
    url = {https://link.aps.org/doi/10.1103/PhysRevLett.103.160503},
    doi = {10.1103/PhysRevLett.103.160503},
    issn = {0031-9007}
}

@article{Tyryshkin2006CoherenceSilicon,
    title = {{Coherence of spin qubits in silicon}},
    year = {2006},
    journal = {J. Phys.: Condens. Matter},
    author = {Tyryshkin, A M and Morton, J J L and Benjamin, S C and Ardavan, A and Briggs, G A D and Ager, J W and Lyon, S A},
    pages = {783--794},
    volume = {18},
    url = {https://www.ucl.ac.uk/qsd/publications/publications/paper10.pdf},
    doi = {10.1088/0953-8984/18/21/S06}
}

@article{Ken-ichiroTakyu2003TheSecon,
    title = {{The Effect of Partial Pressure of Oxygen on Self-Diffusion of Si in SiO 2 Practical Method for Producing a Large Amount of Isotopically Enriched Silicon by Infrared Multi-Photon Dissociation of Hexafluorodisilane Hironori Ohba et al - Time-of-Flight Secon}},
    year = {2003},
    journal = {Jpn. J. Appl. Phys.},
    author = {Ken-ichiro Takyu, Crystal and Itoh, Kohei M and Oka, Kunihiko and -, Al and Fukatsu, Shigeto and Takahashi, Tomonori and Kato, Jiro and Uemura, Masafumi and Kaliteevskii, Alexey K and Godisov, Oleg N and Devyatych, Grigori G and Bulanov, Andrey D and Gusev, Anatoli V and Kovalev, Igor D and Sennikov, Pyotr G and Pohl, Hans-J and Abrosimov, Nikolai V and Riemann, Helge},
    number = {10},
    pages = {6248--6251},
    volume = {42},
    url = {http://iopscience.iop.org/article/10.1143/JJAP.42.6248/pdf},
    doi = {10.1143/JJAP.42.6248},
    keywords = {Hall effect, bulk crystal growth, isotope, silicon}
}

@article{Maune2012CoherentDot,
    title = {{Coherent singlet-triplet oscillations in a silicon-based double quantum dot}},
    year = {2012},
    journal = {Nature},
    author = {Maune, B M and Borselli, M G and Huang, B and Ladd, T D and Deelman, P W and Holabird, K S and Kiselev, A A and Alvarado-Rodriguez, I and Ross, R S and Schmitz, A E and Sokolich, M and Watson, C A and Gyure, M F and Hunter, A T},
    number = {1},
    pages = {344--346},
    volume = {481},
    url = {https://www.nature.com/articles/nature10707.pdf},
    doi = {10.1038/nature10707}
}

@article{Wu2014Two-axisMicromagnet.,
    title = {{Two-axis control of a singlet-triplet qubit with an integrated micromagnet.}},
    year = {2014},
    journal = {Proceedings of the National Academy of Sciences of the United States of America},
    author = {Wu, Xian and Ward, D R and Prance, J R and Kim, Dohun and Gamble, John King and Mohr, R T and Shi, Zhan and Savage, D E and Lagally, M G and Friesen, Mark and Coppersmith, S N and Eriksson, M A},
    number = {33},
    month = {8},
    pages = {11938--42},
    volume = {111},
    publisher = {National Academy of Sciences},
    url = {http://www.ncbi.nlm.nih.gov/pubmed/25092298 http://www.pubmedcentral.nih.gov/articlerender.fcgi?artid=PMC4143001},
    doi = {10.1073/pnas.1412230111},
    issn = {1091-6490},
    pmid = {25092298},
    keywords = {quantum nanoelectronics, semiconductor spin qubit}
}

@article{Goswami2006ControllableDevices,
    title = {{Controllable valley splitting in silicon quantum devices}},
    year = {2006},
    author = {Goswami, Srijit and Slinker, K A and Friesen, Mark and Mcguire, L M and Truitt, J L and Tahan, Charles and Klein, L J and Chu, J O and Mooney, P M and Van Der Weide, D W and Joynt, Robert and Coppersmith, S N and Eriksson, Mark A},
    url = {https://www.nature.com/articles/nphys475.pdf?origin=ppub},
    doi = {10.1038/nphys475}
}

@article{Boykin2004ValleyWells,
    title = {{Valley splitting in strained silicon quantum wells}},
    year = {2004},
    journal = {Applied Physics Letters},
    author = {Boykin, Timothy B. and Klimeck, Gerhard and Eriksson, M. A. and Friesen, Mark and Coppersmith, S. N. and von Allmen, Paul and Oyafuso, Fabiano and Lee, Seungwon},
    number = {1},
    month = {1},
    pages = {115--117},
    volume = {84},
    publisher = {American Institute of Physics},
    url = {http://aip.scitation.org/doi/10.1063/1.1637718},
    doi = {10.1063/1.1637718},
    issn = {0003-6951},
    keywords = {Brillouin zones, band structure, electron density, elemental semiconductors, interface states, localised states, semiconductor quantum wells, silicon, tight-binding calculations}
}

@article{Veldhorst2015ASilicon,
    title = {{A two-qubit logic gate in silicon}},
    year = {2015},
    journal = {Nature},
    author = {Veldhorst, M. and Yang, C. H. and Hwang, J. C. C. and Huang, W. and Dehollain, J. P. and Muhonen, J. T. and Simmons, S. and Laucht, A. and Hudson, F. E. and Itoh, K. M. and Morello, A. and Dzurak, A. S.},
    number = {7573},
    month = {10},
    pages = {410--414},
    volume = {526},
    publisher = {Nature Publishing Group},
    url = {http://www.nature.com/articles/nature15263},
    doi = {10.1038/nature15263},
    issn = {0028-0836},
    keywords = {Quantum dots, Quantum information}
}

@article{Alvarez-Diduk2017PaperReadout,
    title = {{Paper strip-embedded graphene quantum dots: a screening device with a smartphone readout}},
    year = {2017},
    journal = {Scientific Reports},
    author = {{\'{A}}lvarez-Diduk, Ruslan and Orozco, Jahir and Merko{\c{c}}i, Arben},
    number = {1},
    month = {12},
    pages = {976},
    volume = {7},
    publisher = {Nature Publishing Group},
    url = {http://www.nature.com/articles/s41598-017-01134-3},
    doi = {10.1038/s41598-017-01134-3},
    issn = {2045-2322},
    keywords = {Environmental, Optical properties and devices, health and safety issues}
}

@article{Russ2006QuantumNanotubes,
    title = {{Quantum dots in carbon nanotubes}},
    year = {2006},
    journal = {Semicond. Sci. Technol},
    author = {Russ, Maximilian and Burkard, Guido and Sapmaz, Sami and Jarillo-Herrero, Pablo and Kouwenhoven, Leo P and Van Der Zant, Herre S J},
    pages = {52--63},
    volume = {21},
    url = {http://iopscience.iop.org/article/10.1088/0268-1242/21/11/S08/pdf},
    doi = {10.1088/0268-1242/21/11/S08}
}

@article{Tans1997IndividualWires,
    title = {{Individual single-wall carbon nanotubes as quantum wires}},
    year = {1997},
    journal = {Nature},
    author = {Tans, Sander J. and Devoret, Michel H. and Dai, Hongjie and Thess, Andreas and Smalley, Richard E. and Geerligs, L. J. and Dekker, Cees},
    number = {6624},
    month = {4},
    pages = {474--477},
    volume = {386},
    publisher = {Nature Publishing Group},
    url = {http://www.nature.com/doifinder/10.1038/386474a0},
    doi = {10.1038/386474a0},
    issn = {0028-0836}
}

@article{Lu2011TransformingDots,
    title = {{Transforming C60 molecules into graphene quantum dots}},
    year = {2011},
    journal = {Nature Nanotechnology},
    author = {Lu, Jiong and Yeo, Pei Shan Emmeline and Gan, Chee Kwan and Wu, Ping and Loh, Kian Ping},
    number = {4},
    month = {4},
    pages = {247--252},
    volume = {6},
    publisher = {Nature Publishing Group},
    url = {http://www.nature.com/articles/nnano.2011.30},
    doi = {10.1038/nnano.2011.30},
    issn = {1748-3387},
    keywords = {Carbon nanotubes and fullerenes, Graphene, Quantum dots}
}

@article{Fischer2009HyperfineDots,
    title = {{Hyperfine interaction and electron-spin decoherence in graphene and carbon nanotube quantum dots}},
    year = {2009},
    journal = {Physical Review B},
    author = {Fischer, Jan and Trauzettel, Björn and Loss, Daniel},
    number = {15},
    month = {10},
    pages = {155401},
    volume = {80},
    publisher = {American Physical Society},
    url = {https://link.aps.org/doi/10.1103/PhysRevB.80.155401},
    doi = {10.1103/PhysRevB.80.155401},
    issn = {1098-0121}
}

@article{Penfold-Fitch2017MicrowaveQubit,
    title = {{Microwave Spectroscopy of a Carbon Nanotube Charge Qubit}},
    year = {2017},
    journal = {Physical Review Applied},
    author = {Penfold-Fitch, Z. V. and Sfigakis, F. and Buitelaar, M. R.},
    number = {5},
    month = {5},
    pages = {054017},
    volume = {7},
    publisher = {American Physical Society},
    url = {http://link.aps.org/doi/10.1103/PhysRevApplied.7.054017},
    doi = {10.1103/PhysRevApplied.7.054017},
    issn = {2331-7019}
}

@article{Petersson2012CircuitQubit,
    title = {{Circuit quantum electrodynamics with a spin qubit}},
    year = {2012},
    journal = {Nature},
    author = {Petersson, K. D. and McFaul, L. W. and Schroer, M. D. and Jung, M. and Taylor, J. M. and Houck, A. A. and Petta, J. R.},
    number = {7420},
    month = {10},
    pages = {380--383},
    volume = {490},
    publisher = {Nature Publishing Group},
    url = {http://www.nature.com/articles/nature11559},
    doi = {10.1038/nature11559},
    issn = {0028-0836},
    keywords = {Quantum information}
}

@article{Lombardi2002NISTServices,
    title = {{NIST Time and Frequency Services}},
    year = {2002},
    journal = {NIST Special Publication Edition},
    author = {Lombardi, Michael A},
    volume = {432},
    url = {https://www.nist.gov/sites/default/files/documents/calibrations/sp432-02.pdf}
}

@inproceedings{Lutwak2011PrinciplesClocks,
    title = {{Principles of Atomic Clocks}},
    year = {2011},
    booktitle = {EFTF-IFCS},
    author = {Lutwak, R}
}

@book{UnitedStatesNavalObservatory.2011ProceedingsMeeting.,
    title = {{Proceedings of the ... annual Precise Time and Time Interval (PTTI) Systems and Applications Meeting.}},
    year = {2011},
    author = {United States Naval Observatory., Robert and {Naval Research Laboratory (U.S.)} and {Jet Propulsion Laboratory (U.S.)}},
    month = {11},
    pages = {207--220},
    publisher = {U.S. Naval Observatory},
    url = {https://www.ion.org/publications/abstract.cfm?articleID=10786},
    issn = {2333-2069}
}

@inproceedings{Lutwak2011TheStatistics,
    title = {{The SA.45S Chip-Scale Atomic Clock – Early Production Statistics}},
    year = {2011},
    booktitle = {Proceedings of the 43rd Annual Precise Time and Time Interval Systems and Applications Meeting},
    author = {Lutwak, Robert},
    pages = {207 - 220}
}

@article{Knappe2007MEMSClocks,
    title = {{MEMS atomic clocks}},
    year = {2007},
    journal = {Comprehensive Microsystems},
    author = {Knappe, Svenja},
    pages = {571--612},
    volume = {3},
    url = {https://pdfs.semanticscholar.org/df5b/0425f50400be4110ba2214898090ef382f5c.pdf http://scholar.google.com/scholar?hl=en&btnG=Search&q=intitle:MEMS+Atomic+Clocks#0},
    isbn = {978-0-444-52190-3},
    doi = {10.1016/B978-044452190-3.00048-3}
}

@article{Knappe2004AClock,
    title = {{A microfabricated atomic clock}},
    year = {2004},
    journal = {Applied Physics Letters},
    author = {Knappe, Svenja and Shah, Vishal and Schwindt, Peter D. D. and Hollberg, Leo and Kitching, John and Liew, Li-Anne and Moreland, John},
    number = {9},
    month = {8},
    pages = {1460--1462},
    volume = {85},
    publisher = {American Institute of Physics},
    url = {http://aip.scitation.org/doi/10.1063/1.1787942},
    doi = {10.1063/1.1787942},
    issn = {0003-6951},
    keywords = {atomic clocks, micro-optics, micromechanical devices, self-assembly}
}

@article{Emes2012PrinciplesLaboratory,
    title = {{Principles of Systems Engineering Management: Reflections from 45 years of spacecraft technology research and development at the Mullard Space Science Laboratory}},
    year = {2012},
    author = {Emes, M R and Smith, A and James, A M and Whyndham, M W and Leal, R and Jackson, S C},
    number = {1},
    pages = {9--12},
    url = {https://www.ucl.ac.uk/systems-engineering/downloads/principles-paper}
}

@inproceedings{Lutwak2004ThePackage,
    title = {{The chip-scale atomic clock-low-power physics package}},
    year = {2004},
    booktitle = {36th Annual Precise Time and Time Interval (PTTI) Meeting},
    author = {Lutwak, Robert and Deng, Jinquan and Riley, William J and Varghese, Mathew},
    pages = {339--354},
    url = {http://tycho.usno.navy.mil/ptti/2004papers/paper33.pdf http://oai.dtic.mil/oai/oai?verb=getRecord&metadataPrefix=html&identifier=ADA485257}
}

@article{Fruehauf2002FastClock,
    title = {{Fast direct-P (Y) GPS signal acquisition using a special portable clock}},
    year = {2002},
    journal = {33rd Annual Precise Time and Time Interval (PTTI) Meeting},
    author = {Fruehauf, Hugo},
    pages = {359--368},
    url = {http://tycho.usno.navy.mil/ptti/2001papers/paper37.pdf http://oai.dtic.mil/oai/oai?verb=getRecord&metadataPrefix=html&identifier=ADA485794}
}

@inproceedings{Gardner2012AdvancementsOscillators,
    title = {{Advancements in high-performance timing for long term underwater experiments: A comparison of chip scale atomic clocks to traditional microprocessor-compensated crystal oscillators}},
    year = {2012},
    booktitle = {2012 Oceans},
    author = {Gardner, A. T. and Collins, J. A.},
    month = {10},
    pages = {1--8},
    publisher = {IEEE},
    url = {http://ieeexplore.ieee.org/document/6404847/},
    isbn = {978-1-4673-0829-8},
    doi = {10.1109/OCEANS.2012.6404847}
}

@article{Lutwak2007TheEvaluation,
    title = {{the Chip-Scale Atomic Clock – Prototype Evaluation}},
    year = {2007},
    journal = {39th PTTI Meeting},
    author = {Lutwak, R and Rashed, A and Varghese, M and Tepolt, G. and Leblanc, J and Mescher, M. and Stark, Charles and Serkland, D. K. and Geib, K. M. and Peake, G. M.},
    month = {11},
    pages = {269--290},
    publisher = {U.S. Naval Observatory},
    url = {https://www.ion.org/publications/abstract.cfm?articleID=10588 http://www.aventasinc.com/whitepapers/PTTI2007_Paper26.pdf},
    isbn = {9781605603995},
    issn = {2333-2069}
}

@article{Lutwak2002TheInterrogation,
    title = {{The Chip-Scale Atomic Clock – Coherent Population Trapping Conventional Interrogation}},
    year = {2002},
    journal = {34th Annual Precise Time and Time Interval (PTTI) Meeting},
    author = {Lutwak, R and Emmons, D and Riley, W and Garvey, R M},
    pages = {539--550},
    url = {http://tycho.usno.navy.mil/ptti/2002papers/paper52.pdf}
}

@article{DARPA2016BroadACES,
    title = {{Broad Agency Announcement Atomic Clock with Enhanced Stability (ACES)}},
    year = {2016},
    author = {{DARPA}},
    url = {https://research-authority.tau.ac.il/sites/resauth.tau.ac.il/files/DARPA_baa-16-19-Atomic-Clock-ACES.pdf}
}

@inproceedings{Maleki2011All-OpticalClock,
    title = {{All-Optical Integrated rubidium Atomic Clock}},
    year = {2011},
    booktitle = {2011 Joint Conference of the IEEE International Frequency Control and the European Frequency and Time Forum (FCS) Proceedings},
    author = {Maleki, L. and Savchenkov, A. A. and Ilchenko, V. S. and Liang, W. and Eliyahu, D. and Matsko, A. B. and Seidel, D. and Wells, N. P. and Camparo, J. C. and Jaduszliwer, B.},
    month = {5},
    pages = {1--5},
    publisher = {IEEE},
    url = {http://ieeexplore.ieee.org/document/5977304/},
    isbn = {978-1-61284-111-3},
    doi = {10.1109/FCS.2011.5977304}
}

@article{Cyr1993All-opticalProposal,
    title = {{All-optical microwave frequency standard: a proposal}},
    year = {1993},
    journal = {IEEE Transactions on Instrumentation and Measurement},
    author = {Cyr, N. and Tetu, M. and Breton, M.},
    number = {2},
    month = {4},
    pages = {640--649},
    volume = {42},
    url = {http://ieeexplore.ieee.org/document/278645/},
    doi = {10.1109/19.278645},
    issn = {00189456}
}

@article{Lombardi2007NISTSecond,
    title = {{NIST Primary Frequency Standards and the Realization of the SI Second}},
    year = {2007},
    journal = {Measure: The Journal of Measurement Science},
    author = {Lombardi, Michael A. and Heavner, Thomas P. and Jefferts, Steven R.},
    volume = {2},
    url = {https://www.nist.gov/publications/nist-primary-frequency-standards-and-realization-si-second},
    keywords = {cesium, frequency, primary standard, second, time interval}
}

@article{Cyr1993All-opticalProposalb,
    title = {{All-optical microwave frequency standard: a proposal}},
    year = {1993},
    journal = {IEEE Transactions on Instrumentation and Measurement},
    author = {Cyr, N. and Tetu, M. and Breton, M.},
    number = {2},
    month = {4},
    pages = {640--649},
    volume = {42},
    url = {http://ieeexplore.ieee.org/document/278645/},
    doi = {10.1109/19.278645},
    issn = {00189456}
}

@article{Ruparelia2010SoftwareModels,
    title = {{Software development lifecycle models}},
    year = {2010},
    journal = {ACM SIGSOFT Software Engineering Notes},
    author = {Ruparelia, Nayan B.},
    number = {3},
    month = {5},
    pages = {8},
    volume = {35},
    url = {http://portal.acm.org/citation.cfm?doid=1764810.1764814},
    doi = {10.1145/1764810.1764814},
    issn = {01635948}
}

@inproceedings{Everitt2016QuantumIndustry,
    title = {{Quantum Systems Engineering: A structured approach to accelerating the development of a quantum technology industry}},
    year = {2016},
    booktitle = {2016 18th International Conference on Transparent Optical Networks (ICTON)},
    author = {Everitt, M. J. and Henshaw, Michael J. de C. and Dwyer, Vincent M.},
    month = {7},
    pages = {1--4},
    publisher = {IEEE},
    url = {http://ieeexplore.ieee.org/document/7550613/},
    isbn = {978-1-5090-1467-5},
    doi = {10.1109/ICTON.2016.7550613}
}

@article{Petersson2012CircuitQubitb,
    title = {{Circuit quantum electrodynamics with a spin qubit}},
    year = {2012},
    journal = {Nature},
    author = {Petersson, K. D. and McFaul, L. W. and Schroer, M. D. and Jung, M. and Taylor, J. M. and Houck, A. A. and Petta, J. R.},
    number = {7420},
    month = {10},
    pages = {380--383},
    volume = {490},
    publisher = {Nature Publishing Group},
    url = {http://www.nature.com/articles/nature11559},
    doi = {10.1038/nature11559},
    issn = {0028-0836},
    keywords = {Quantum information}
}